\usepackage{url}
@article{jennings1996software,
  title={Software agents},
  author={Jennings, Nick and Wooldridge, Michael},
  journal={IEE review},
  volume={42},
  number={1},
  pages={17--20},
  year={1996},
  publisher={IET}
}

@article{russell2016artificial,
  title={Artificial Intelligence: A Modern Approach, Global Edition},
  author={Russell, Stuart and Norvig, Peter},
  journal={Pearson},
  year={2016}
}

@misc{maze,
  author = {Orestis Zekai},
  title = {Fun With Python \#1: Maze Generator},
  year = 2020,
  howpublished = "\url{https://medium.com/swlh/fun-with-python-1-maze-generator-931639b4fb7e}"
}

@misc{time-complexity,
  author = {Rithesh K},
  title = {Search Algorithms Part 2: Uninformed Search Algorithms â€” 1},
  year = 2018,
  howpublished = "\url{https://medium.com/kredo-ai-engineering/search-algorithms-part-2-uninformed-search-algorithms-1-be5583a2f1e1}"
}

@article{pathak2018comparative,
  title={Comparative analysis of search Algorithms},
  author={Pathak, Maharshi J and Patel, Ronit L and Rami, Sonal P},
  journal={International Journal of Computer Applications},
  volume={179},
  number={50},
  pages={40--43},
  year={2018},
  publisher={A Novel Clustering Method Using Enhanced Grey}
}

@book{WooldridgeMichael2009AitM,
publisher = {John Wiley \& Sons},
isbn = {9780470519462},
year = {2009},
title = {An introduction to MultiAgent Systems},
edition = {2nd ed.},
language = {eng},
address = {Chichester},
author = {Wooldridge, Michael},
keywords = {Intelligent agents (Computer software); Electronic data processing -- Distributed processing},
}

@article{odell2002objects,
  title={Objects and agents compared},
  author={Odell, James},
  journal={Journal of object technology},
  volume={1},
  number={1},
  pages={41--53},
  year={2002}
}

@book{Ertel_2011,
	doi = {10.1007/978-0-85729-299-5},
	url = {https://doi.org/10.1007%2F978-0-85729-299-5},
	year = 2011,
	publisher = {Springer London},
	author = {Wolfgang Ertel},
	title = {Introduction to Artificial Intelligence}
}

@article{debnath2019review,
  title={A review on graph search algorithms for optimal energy efficient path planning for an unmanned air vehicle},
  author={Debnath, S Kumar and Omar, Rosli and Latip, Nor Badariyah Abdul and Shelyna, Shasha and Nadira, Elia and Melor, CKNCK and Chakraborty, Tapan Kumar and Natarajan, Elango},
  journal={Indonesian Journal of Electrical Engineering and Computer Science},
  volume={15},
  number={2},
  pages={743--749},
  year={2019}
}

@book{leitao2013multi,
  title={Multi-agent systems in industry: Current trends \& future challenges},
  author={Leitao, Paulo},
  booktitle={Beyond Artificial Intelligence},
  pages={197--201},
  year={2013},
  publisher={Springer}
}

@book{oprea2004applications,
  title={Applications of multi-agent systems},
  author={Oprea, Mihaela},
  booktitle={Information technology},
  pages={239--270},
  year={2004},
  publisher={Springer}
}

